%YAML 1.1
%TAG !u! tag:unity3d.com,2011:
--- !u!1 &818307460439060451
GameObject:
  m_ObjectHideFlags: 0
  m_CorrespondingSourceObject: {fileID: 0}
  m_PrefabInstance: {fileID: 0}
  m_PrefabAsset: {fileID: 0}
  serializedVersion: 6
  m_Component:
  - component: {fileID: 7434286885889293794}
  - component: {fileID: 7925514013156464107}
  - component: {fileID: 4658377695770869134}
  - component: {fileID: 7230549562226033841}
  m_Layer: 0
  m_Name: Plane
  m_TagString: Untagged
  m_Icon: {fileID: 0}
  m_NavMeshLayer: 0
  m_StaticEditorFlags: 0
  m_IsActive: 1
--- !u!4 &7434286885889293794
Transform:
  m_ObjectHideFlags: 0
  m_CorrespondingSourceObject: {fileID: 0}
  m_PrefabInstance: {fileID: 0}
  m_PrefabAsset: {fileID: 0}
  m_GameObject: {fileID: 818307460439060451}
  m_LocalRotation: {x: 0, y: 0.7071068, z: -0.7071068, w: 0}
  m_LocalPosition: {x: -87.999916, y: -3.000021, z: 0.027205467}
  m_LocalScale: {x: 12, y: 1, z: 8}
  m_Children: []
  m_Father: {fileID: 5993974099747465271}
  m_RootOrder: 1
  m_LocalEulerAnglesHint: {x: 90, y: 180, z: 0}
--- !u!33 &7925514013156464107
MeshFilter:
  m_ObjectHideFlags: 0
  m_CorrespondingSourceObject: {fileID: 0}
  m_PrefabInstance: {fileID: 0}
  m_PrefabAsset: {fileID: 0}
  m_GameObject: {fileID: 818307460439060451}
  m_Mesh: {fileID: 10209, guid: 0000000000000000e000000000000000, type: 0}
--- !u!23 &4658377695770869134
MeshRenderer:
  m_ObjectHideFlags: 0
  m_CorrespondingSourceObject: {fileID: 0}
  m_PrefabInstance: {fileID: 0}
  m_PrefabAsset: {fileID: 0}
  m_GameObject: {fileID: 818307460439060451}
  m_Enabled: 1
  m_CastShadows: 1
  m_ReceiveShadows: 1
  m_DynamicOccludee: 1
  m_MotionVectors: 1
  m_LightProbeUsage: 1
  m_ReflectionProbeUsage: 1
  m_RenderingLayerMask: 1
  m_RendererPriority: 0
  m_Materials:
  - {fileID: 10303, guid: 0000000000000000f000000000000000, type: 0}
  m_StaticBatchInfo:
    firstSubMesh: 0
    subMeshCount: 0
  m_StaticBatchRoot: {fileID: 0}
  m_ProbeAnchor: {fileID: 0}
  m_LightProbeVolumeOverride: {fileID: 0}
  m_ScaleInLightmap: 1
  m_PreserveUVs: 0
  m_IgnoreNormalsForChartDetection: 0
  m_ImportantGI: 0
  m_StitchLightmapSeams: 0
  m_SelectedEditorRenderState: 3
  m_MinimumChartSize: 4
  m_AutoUVMaxDistance: 0.5
  m_AutoUVMaxAngle: 89
  m_LightmapParameters: {fileID: 0}
  m_SortingLayerID: 0
  m_SortingLayer: 0
  m_SortingOrder: 0
--- !u!328 &7230549562226033841
VideoPlayer:
  m_ObjectHideFlags: 0
  m_CorrespondingSourceObject: {fileID: 0}
  m_PrefabInstance: {fileID: 0}
  m_PrefabAsset: {fileID: 0}
  m_GameObject: {fileID: 818307460439060451}
  m_Enabled: 1
  m_VideoClip: {fileID: 0}
  m_TargetCameraAlpha: 1
  m_TargetCamera3DLayout: 0
  m_TargetCamera: {fileID: 0}
  m_TargetTexture: {fileID: 0}
  m_TimeReference: 0
  m_TargetMaterialRenderer: {fileID: 0}
  m_TargetMaterialProperty: _MainTex
  m_RenderMode: 3
  m_AspectRatio: 2
  m_DataSource: 0
  m_PlaybackSpeed: 1
  m_AudioOutputMode: 2
  m_TargetAudioSources:
  - {fileID: 0}
  m_DirectAudioVolumes:
  - 1
  m_Url: 
  m_EnabledAudioTracks: 01
  m_DirectAudioMutes: 00
  m_ControlledAudioTrackCount: 1
  m_PlayOnAwake: 1
  m_SkipOnDrop: 0
  m_Looping: 1
  m_WaitForFirstFrame: 0
  m_FrameReadyEventEnabled: 0
--- !u!1 &5993974099136133617
GameObject:
  m_ObjectHideFlags: 0
  m_CorrespondingSourceObject: {fileID: 0}
  m_PrefabInstance: {fileID: 0}
  m_PrefabAsset: {fileID: 0}
  serializedVersion: 6
  m_Component:
  - component: {fileID: 5993974099136133618}
  - component: {fileID: 5993974099136133620}
  - component: {fileID: 5993974099136133619}
  m_Layer: 5
  m_Name: Image
  m_TagString: Untagged
  m_Icon: {fileID: 0}
  m_NavMeshLayer: 0
  m_StaticEditorFlags: 0
  m_IsActive: 1
--- !u!224 &5993974099136133618
RectTransform:
  m_ObjectHideFlags: 0
  m_CorrespondingSourceObject: {fileID: 0}
  m_PrefabInstance: {fileID: 0}
  m_PrefabAsset: {fileID: 0}
  m_GameObject: {fileID: 5993974099136133617}
  m_LocalRotation: {x: 0, y: 0, z: 0, w: 1}
  m_LocalPosition: {x: 0, y: 0, z: 0}
  m_LocalScale: {x: 1, y: 1, z: 1}
  m_Children:
  - {fileID: 5993974100730540006}
  m_Father: {fileID: 5993974099747465271}
  m_RootOrder: 0
  m_LocalEulerAnglesHint: {x: 0, y: 0, z: 0}
  m_AnchorMin: {x: 0.5, y: 0.5}
  m_AnchorMax: {x: 0.5, y: 0.5}
  m_AnchoredPosition: {x: 105.3, y: -7.5}
  m_SizeDelta: {x: 150, y: 100}
  m_Pivot: {x: 0.5, y: 0.5}
--- !u!222 &5993974099136133620
CanvasRenderer:
  m_ObjectHideFlags: 0
  m_CorrespondingSourceObject: {fileID: 0}
  m_PrefabInstance: {fileID: 0}
  m_PrefabAsset: {fileID: 0}
  m_GameObject: {fileID: 5993974099136133617}
  m_CullTransparentMesh: 0
--- !u!114 &5993974099136133619
MonoBehaviour:
  m_ObjectHideFlags: 0
  m_CorrespondingSourceObject: {fileID: 0}
  m_PrefabInstance: {fileID: 0}
  m_PrefabAsset: {fileID: 0}
  m_GameObject: {fileID: 5993974099136133617}
  m_Enabled: 1
  m_EditorHideFlags: 0
  m_Script: {fileID: -765806418, guid: f70555f144d8491a825f0804e09c671c, type: 3}
  m_Name: 
  m_EditorClassIdentifier: 
  m_Material: {fileID: 0}
  m_Color: {r: 1, g: 1, b: 1, a: 1}
  m_RaycastTarget: 1
  m_OnCullStateChanged:
    m_PersistentCalls:
      m_Calls: []
    m_TypeName: UnityEngine.UI.MaskableGraphic+CullStateChangedEvent, UnityEngine.UI,
      Version=1.0.0.0, Culture=neutral, PublicKeyToken=null
  m_Sprite: {fileID: 21300000, guid: 2db5bb0b9689f294686a7e36acdbcb5a, type: 3}
  m_Type: 0
  m_PreserveAspect: 0
  m_FillCenter: 1
  m_FillMethod: 4
  m_FillAmount: 1
  m_FillClockwise: 1
  m_FillOrigin: 0
  m_UseSpriteMesh: 0
--- !u!1 &5993974099233543313
GameObject:
  m_ObjectHideFlags: 0
  m_CorrespondingSourceObject: {fileID: 0}
  m_PrefabInstance: {fileID: 0}
  m_PrefabAsset: {fileID: 0}
  serializedVersion: 6
  m_Component:
  - component: {fileID: 5993974099233543314}
  - component: {fileID: 5993974099233543315}
  m_Layer: 0
  m_Name: CameraForward
  m_TagString: Untagged
  m_Icon: {fileID: 0}
  m_NavMeshLayer: 0
  m_StaticEditorFlags: 0
  m_IsActive: 1
--- !u!4 &5993974099233543314
Transform:
  m_ObjectHideFlags: 0
  m_CorrespondingSourceObject: {fileID: 0}
  m_PrefabInstance: {fileID: 0}
  m_PrefabAsset: {fileID: 0}
  m_GameObject: {fileID: 5993974099233543313}
  m_LocalRotation: {x: 0, y: 0, z: 0, w: 1}
  m_LocalPosition: {x: 0, y: 0, z: 0}
  m_LocalScale: {x: 1, y: 1, z: 1}
  m_Children: []
  m_Father: {fileID: 5993974099605089734}
  m_RootOrder: 1
  m_LocalEulerAnglesHint: {x: 0, y: 0, z: 0}
--- !u!114 &5993974099233543315
MonoBehaviour:
  m_ObjectHideFlags: 0
  m_CorrespondingSourceObject: {fileID: 0}
  m_PrefabInstance: {fileID: 0}
  m_PrefabAsset: {fileID: 0}
  m_GameObject: {fileID: 5993974099233543313}
  m_Enabled: 1
  m_EditorHideFlags: 0
  m_Script: {fileID: 11500000, guid: 1dbe1ad781ea09143a57ac891a8e290a, type: 3}
  m_Name: 
  m_EditorClassIdentifier: 
  xRotation: 0
--- !u!1 &5993974099605089730
GameObject:
  m_ObjectHideFlags: 0
  m_CorrespondingSourceObject: {fileID: 0}
  m_PrefabInstance: {fileID: 0}
  m_PrefabAsset: {fileID: 0}
  serializedVersion: 6
  m_Component:
  - component: {fileID: 5993974099605089734}
  - component: {fileID: 5993974099605089733}
  - component: {fileID: 5993974099605089732}
  - component: {fileID: 5993974099605089731}
  m_Layer: 0
  m_Name: Player
  m_TagString: Untagged
  m_Icon: {fileID: 0}
  m_NavMeshLayer: 0
  m_StaticEditorFlags: 0
  m_IsActive: 1
--- !u!4 &5993974099605089734
Transform:
  m_ObjectHideFlags: 0
  m_CorrespondingSourceObject: {fileID: 0}
  m_PrefabInstance: {fileID: 0}
  m_PrefabAsset: {fileID: 0}
  m_GameObject: {fileID: 5993974099605089730}
  m_LocalRotation: {x: 0, y: 0, z: 0, w: 1}
  m_LocalPosition: {x: 5.32, y: 1.6, z: -6.42}
  m_LocalScale: {x: 1, y: 1, z: 1}
  m_Children:
  - {fileID: 5993974100183885890}
  - {fileID: 5993974099233543314}
  - {fileID: 3329986958155849425}
  - {fileID: 5993974099747465271}
  m_Father: {fileID: 0}
  m_RootOrder: 0
  m_LocalEulerAnglesHint: {x: 0, y: 0, z: 0}
--- !u!54 &5993974099605089733
Rigidbody:
  m_ObjectHideFlags: 0
  m_CorrespondingSourceObject: {fileID: 0}
  m_PrefabInstance: {fileID: 0}
  m_PrefabAsset: {fileID: 0}
  m_GameObject: {fileID: 5993974099605089730}
  serializedVersion: 2
  m_Mass: 1
  m_Drag: 0
  m_AngularDrag: 0.05
  m_UseGravity: 0
  m_IsKinematic: 0
  m_Interpolate: 0
  m_Constraints: 112
  m_CollisionDetection: 0
--- !u!114 &5993974099605089732
MonoBehaviour:
  m_ObjectHideFlags: 0
  m_CorrespondingSourceObject: {fileID: 0}
  m_PrefabInstance: {fileID: 0}
  m_PrefabAsset: {fileID: 0}
  m_GameObject: {fileID: 5993974099605089730}
  m_Enabled: 1
  m_EditorHideFlags: 0
  m_Script: {fileID: 11500000, guid: e8bf72307fc7dc448a0bae5db48dd517, type: 3}
  m_Name: 
  m_EditorClassIdentifier: 
  watchTime: 2
  cooldownTime: 3
  hitMask:
    serializedVersion: 2
    m_Bits: 0
  hitTarget: {fileID: 0}
--- !u!135 &5993974099605089731
SphereCollider:
  m_ObjectHideFlags: 0
  m_CorrespondingSourceObject: {fileID: 0}
  m_PrefabInstance: {fileID: 0}
  m_PrefabAsset: {fileID: 0}
  m_GameObject: {fileID: 5993974099605089730}
  m_Material: {fileID: 0}
  m_IsTrigger: 0
  m_Enabled: 1
  serializedVersion: 2
  m_Radius: 1
  m_Center: {x: 0, y: 0, z: 0}
--- !u!1 &5993974099747465270
GameObject:
  m_ObjectHideFlags: 0
  m_CorrespondingSourceObject: {fileID: 0}
  m_PrefabInstance: {fileID: 0}
  m_PrefabAsset: {fileID: 0}
  serializedVersion: 6
  m_Component:
  - component: {fileID: 5993974099747465271}
  - component: {fileID: 5993974099747465259}
  - component: {fileID: 5993974099747465258}
  - component: {fileID: 5993974099747465256}
  m_Layer: 5
  m_Name: Canvas
  m_TagString: Untagged
  m_Icon: {fileID: 0}
  m_NavMeshLayer: 0
  m_StaticEditorFlags: 0
  m_IsActive: 1
--- !u!224 &5993974099747465271
RectTransform:
  m_ObjectHideFlags: 0
  m_CorrespondingSourceObject: {fileID: 0}
  m_PrefabInstance: {fileID: 0}
  m_PrefabAsset: {fileID: 0}
  m_GameObject: {fileID: 5993974099747465270}
  m_LocalRotation: {x: 0, y: 0, z: 0, w: 1}
  m_LocalPosition: {x: 0, y: 0, z: 0.5}
  m_LocalScale: {x: 0.0025, y: 0.0025, z: 1}
  m_Children:
  - {fileID: 5993974099136133618}
  - {fileID: 7434286885889293794}
  m_Father: {fileID: 5993974099605089734}
  m_RootOrder: 3
  m_LocalEulerAnglesHint: {x: 0, y: 0, z: 0}
  m_AnchorMin: {x: 0, y: 0}
  m_AnchorMax: {x: 0, y: 0}
  m_AnchoredPosition: {x: 0, y: 0}
  m_SizeDelta: {x: 586, y: 286}
  m_Pivot: {x: 0.5, y: 0.5}
--- !u!223 &5993974099747465259
Canvas:
  m_ObjectHideFlags: 0
  m_CorrespondingSourceObject: {fileID: 0}
  m_PrefabInstance: {fileID: 0}
  m_PrefabAsset: {fileID: 0}
  m_GameObject: {fileID: 5993974099747465270}
  m_Enabled: 1
  serializedVersion: 3
  m_RenderMode: 2
  m_Camera: {fileID: 0}
  m_PlaneDistance: 100
  m_PixelPerfect: 0
  m_ReceivesEvents: 1
  m_OverrideSorting: 0
  m_OverridePixelPerfect: 0
  m_SortingBucketNormalizedSize: 0
  m_AdditionalShaderChannelsFlag: 0
  m_SortingLayerID: 0
  m_SortingOrder: 0
  m_TargetDisplay: 0
--- !u!114 &5993974099747465258
MonoBehaviour:
  m_ObjectHideFlags: 0
  m_CorrespondingSourceObject: {fileID: 0}
  m_PrefabInstance: {fileID: 0}
  m_PrefabAsset: {fileID: 0}
  m_GameObject: {fileID: 5993974099747465270}
  m_Enabled: 1
  m_EditorHideFlags: 0
  m_Script: {fileID: 1980459831, guid: f70555f144d8491a825f0804e09c671c, type: 3}
  m_Name: 
  m_EditorClassIdentifier: 
  m_UiScaleMode: 0
  m_ReferencePixelsPerUnit: 100
  m_ScaleFactor: 1
  m_ReferenceResolution: {x: 800, y: 600}
  m_ScreenMatchMode: 0
  m_MatchWidthOrHeight: 0
  m_PhysicalUnit: 3
  m_FallbackScreenDPI: 96
  m_DefaultSpriteDPI: 96
  m_DynamicPixelsPerUnit: 1
--- !u!114 &5993974099747465256
MonoBehaviour:
  m_ObjectHideFlags: 0
  m_CorrespondingSourceObject: {fileID: 0}
  m_PrefabInstance: {fileID: 0}
  m_PrefabAsset: {fileID: 0}
  m_GameObject: {fileID: 5993974099747465270}
  m_Enabled: 1
  m_EditorHideFlags: 0
  m_Script: {fileID: 11500000, guid: 87ff91bd317bdf14b81de07958abd412, type: 3}
  m_Name: 
  m_EditorClassIdentifier: 
  translationSpace: {fileID: 0}
  thisCanvas: {fileID: 0}
  speechBubbles: {fileID: 0}
  videoPlane: {fileID: 0}
  bubbles: []
--- !u!1 &5993974100183885901
GameObject:
  m_ObjectHideFlags: 0
  m_CorrespondingSourceObject: {fileID: 0}
  m_PrefabInstance: {fileID: 0}
  m_PrefabAsset: {fileID: 0}
  serializedVersion: 6
  m_Component:
  - component: {fileID: 5993974100183885890}
  - component: {fileID: 5993974100183885889}
  - component: {fileID: 5993974100183885888}
  - component: {fileID: 5993974100183885903}
  - component: {fileID: 5993974100183885902}
  m_Layer: 0
  m_Name: Main Camera
  m_TagString: MainCamera
  m_Icon: {fileID: 0}
  m_NavMeshLayer: 0
  m_StaticEditorFlags: 0
  m_IsActive: 1
--- !u!4 &5993974100183885890
Transform:
  m_ObjectHideFlags: 0
  m_CorrespondingSourceObject: {fileID: 0}
  m_PrefabInstance: {fileID: 0}
  m_PrefabAsset: {fileID: 0}
  m_GameObject: {fileID: 5993974100183885901}
  m_LocalRotation: {x: -0, y: -0, z: -0, w: 1}
  m_LocalPosition: {x: 0, y: 0, z: 0}
  m_LocalScale: {x: 1, y: 1, z: 1}
  m_Children:
  - {fileID: 5993974099818163199}
  m_Father: {fileID: 5993974099605089734}
  m_RootOrder: 0
  m_LocalEulerAnglesHint: {x: 0, y: 0, z: 0}
--- !u!20 &5993974100183885889
Camera:
  m_ObjectHideFlags: 0
  m_CorrespondingSourceObject: {fileID: 0}
  m_PrefabInstance: {fileID: 0}
  m_PrefabAsset: {fileID: 0}
  m_GameObject: {fileID: 5993974100183885901}
  m_Enabled: 1
  serializedVersion: 2
  m_ClearFlags: 1
  m_BackGroundColor: {r: 0.19215687, g: 0.3019608, b: 0.4745098, a: 0}
  m_projectionMatrixMode: 1
  m_SensorSize: {x: 36, y: 24}
  m_LensShift: {x: 0, y: 0}
  m_GateFitMode: 2
  m_FocalLength: 50
  m_NormalizedViewPortRect:
    serializedVersion: 2
    x: 0
    y: 0
    width: 1
    height: 1
  near clip plane: 0.09
  far clip plane: 500
  field of view: 60
  orthographic: 0
  orthographic size: 5
  m_Depth: -1
  m_CullingMask:
    serializedVersion: 2
    m_Bits: 4294967295
  m_RenderingPath: -1
  m_TargetTexture: {fileID: 0}
  m_TargetDisplay: 0
  m_TargetEye: 3
  m_HDR: 1
  m_AllowMSAA: 1
  m_AllowDynamicResolution: 0
  m_ForceIntoRT: 0
  m_OcclusionCulling: 1
  m_StereoConvergence: 10
  m_StereoSeparation: 0.022
--- !u!81 &5993974100183885888
AudioListener:
  m_ObjectHideFlags: 0
  m_CorrespondingSourceObject: {fileID: 0}
  m_PrefabInstance: {fileID: 0}
  m_PrefabAsset: {fileID: 0}
  m_GameObject: {fileID: 5993974100183885901}
  m_Enabled: 1
--- !u!114 &5993974100183885903
MonoBehaviour:
  m_ObjectHideFlags: 0
  m_CorrespondingSourceObject: {fileID: 0}
  m_PrefabInstance: {fileID: 0}
  m_PrefabAsset: {fileID: 0}
  m_GameObject: {fileID: 5993974100183885901}
  m_Enabled: 1
  m_EditorHideFlags: 0
  m_Script: {fileID: 11500000, guid: eb5dd43baba2d4dc1bab789615567e3d, type: 3}
  m_Name: 
  m_EditorClassIdentifier: 
  raycasterEventMask:
    serializedVersion: 2
    m_Bits: 279
  maxRaycastHits: 64
--- !u!114 &5993974100183885902
MonoBehaviour:
  m_ObjectHideFlags: 0
  m_CorrespondingSourceObject: {fileID: 0}
  m_PrefabInstance: {fileID: 0}
  m_PrefabAsset: {fileID: 0}
  m_GameObject: {fileID: 5993974100183885901}
  m_Enabled: 1
  m_EditorHideFlags: 0
  m_Script: {fileID: 11500000, guid: 21a90e2fa51571b4b9c4c12e112b224d, type: 3}
  m_Name: 
  m_EditorClassIdentifier: 
  cameraHeight: 1.6
  player: {fileID: 0}
  isMoving: 0
  moveSpeed: 1.75
  autoMoveSpeed: 5.5
  targetPosition: {x: 0, y: 0, z: 0}
--- !u!1 &5993974100730540005
GameObject:
  m_ObjectHideFlags: 0
  m_CorrespondingSourceObject: {fileID: 0}
  m_PrefabInstance: {fileID: 0}
  m_PrefabAsset: {fileID: 0}
  serializedVersion: 6
  m_Component:
  - component: {fileID: 5993974100730540006}
  - component: {fileID: 5993974100730538008}
  - component: {fileID: 5993974100730540007}
  m_Layer: 5
  m_Name: Text
  m_TagString: Untagged
  m_Icon: {fileID: 0}
  m_NavMeshLayer: 0
  m_StaticEditorFlags: 0
  m_IsActive: 1
--- !u!224 &5993974100730540006
RectTransform:
  m_ObjectHideFlags: 0
  m_CorrespondingSourceObject: {fileID: 0}
  m_PrefabInstance: {fileID: 0}
  m_PrefabAsset: {fileID: 0}
  m_GameObject: {fileID: 5993974100730540005}
  m_LocalRotation: {x: 0, y: 0, z: 0, w: 1}
  m_LocalPosition: {x: 0, y: 0, z: 0}
  m_LocalScale: {x: 1, y: 1, z: 1}
  m_Children: []
  m_Father: {fileID: 5993974099136133618}
  m_RootOrder: 0
  m_LocalEulerAnglesHint: {x: 0, y: 0, z: 0}
  m_AnchorMin: {x: 0.5, y: 0.5}
  m_AnchorMax: {x: 0.5, y: 0.5}
  m_AnchoredPosition: {x: -3.81, y: 8.98}
  m_SizeDelta: {x: 125.25, y: 62.59}
  m_Pivot: {x: 0.5, y: 0.5}
--- !u!222 &5993974100730538008
CanvasRenderer:
  m_ObjectHideFlags: 0
  m_CorrespondingSourceObject: {fileID: 0}
  m_PrefabInstance: {fileID: 0}
  m_PrefabAsset: {fileID: 0}
  m_GameObject: {fileID: 5993974100730540005}
  m_CullTransparentMesh: 0
--- !u!114 &5993974100730540007
MonoBehaviour:
  m_ObjectHideFlags: 0
  m_CorrespondingSourceObject: {fileID: 0}
  m_PrefabInstance: {fileID: 0}
  m_PrefabAsset: {fileID: 0}
  m_GameObject: {fileID: 5993974100730540005}
  m_Enabled: 1
  m_EditorHideFlags: 0
  m_Script: {fileID: 708705254, guid: f70555f144d8491a825f0804e09c671c, type: 3}
  m_Name: 
  m_EditorClassIdentifier: 
  m_Material: {fileID: 0}
  m_Color: {r: 0.19607843, g: 0.19607843, b: 0.19607843, a: 1}
  m_RaycastTarget: 1
  m_OnCullStateChanged:
    m_PersistentCalls:
      m_Calls: []
    m_TypeName: UnityEngine.UI.MaskableGraphic+CullStateChangedEvent, UnityEngine.UI,
      Version=1.0.0.0, Culture=neutral, PublicKeyToken=null
  m_FontData:
    m_Font: {fileID: 10102, guid: 0000000000000000e000000000000000, type: 0}
    m_FontSize: 14
    m_FontStyle: 0
    m_BestFit: 1
    m_MinSize: 10
    m_MaxSize: 40
    m_Alignment: 4
    m_AlignByGeometry: 0
    m_RichText: 1
    m_HorizontalOverflow: 0
    m_VerticalOverflow: 0
    m_LineSpacing: 1
  m_Text: 
--- !u!1001 &5244098690052349371
PrefabInstance:
  m_ObjectHideFlags: 0
  serializedVersion: 2
  m_Modification:
    m_TransformParent: {fileID: 5993974099605089734}
    m_Modifications:
    - target: {fileID: 7417633678219101033, guid: d7f68fd6553474d488907c2f63e4adec,
        type: 3}
      propertyPath: m_Name
      value: MenuCanvas
      objectReference: {fileID: 0}
    - target: {fileID: 7417633678219101034, guid: d7f68fd6553474d488907c2f63e4adec,
        type: 3}
      propertyPath: m_LocalPosition.x
      value: 0
      objectReference: {fileID: 0}
    - target: {fileID: 7417633678219101034, guid: d7f68fd6553474d488907c2f63e4adec,
        type: 3}
      propertyPath: m_LocalPosition.y
      value: 0
      objectReference: {fileID: 0}
    - target: {fileID: 7417633678219101034, guid: d7f68fd6553474d488907c2f63e4adec,
        type: 3}
      propertyPath: m_LocalPosition.z
      value: 0
      objectReference: {fileID: 0}
    - target: {fileID: 7417633678219101034, guid: d7f68fd6553474d488907c2f63e4adec,
        type: 3}
      propertyPath: m_LocalRotation.x
      value: 0.7071068
      objectReference: {fileID: 0}
    - target: {fileID: 7417633678219101034, guid: d7f68fd6553474d488907c2f63e4adec,
        type: 3}
      propertyPath: m_LocalRotation.y
      value: 0
      objectReference: {fileID: 0}
    - target: {fileID: 7417633678219101034, guid: d7f68fd6553474d488907c2f63e4adec,
        type: 3}
      propertyPath: m_LocalRotation.z
      value: 0
      objectReference: {fileID: 0}
    - target: {fileID: 7417633678219101034, guid: d7f68fd6553474d488907c2f63e4adec,
        type: 3}
      propertyPath: m_LocalRotation.w
      value: 0.7071068
      objectReference: {fileID: 0}
    - target: {fileID: 7417633678219101034, guid: d7f68fd6553474d488907c2f63e4adec,
        type: 3}
      propertyPath: m_RootOrder
      value: 2
      objectReference: {fileID: 0}
    - target: {fileID: 7417633678219101034, guid: d7f68fd6553474d488907c2f63e4adec,
        type: 3}
      propertyPath: m_LocalEulerAnglesHint.x
      value: 90
      objectReference: {fileID: 0}
    - target: {fileID: 7417633678219101034, guid: d7f68fd6553474d488907c2f63e4adec,
        type: 3}
      propertyPath: m_LocalEulerAnglesHint.y
      value: 0
      objectReference: {fileID: 0}
    - target: {fileID: 7417633678219101034, guid: d7f68fd6553474d488907c2f63e4adec,
        type: 3}
      propertyPath: m_LocalEulerAnglesHint.z
      value: 0
      objectReference: {fileID: 0}
    - target: {fileID: 7417633678219101034, guid: d7f68fd6553474d488907c2f63e4adec,
        type: 3}
      propertyPath: m_AnchoredPosition.x
      value: 0
      objectReference: {fileID: 0}
    - target: {fileID: 7417633678219101034, guid: d7f68fd6553474d488907c2f63e4adec,
        type: 3}
      propertyPath: m_AnchoredPosition.y
      value: -0.649
      objectReference: {fileID: 0}
    - target: {fileID: 7417633678219101034, guid: d7f68fd6553474d488907c2f63e4adec,
        type: 3}
      propertyPath: m_SizeDelta.x
      value: 586
      objectReference: {fileID: 0}
    - target: {fileID: 7417633678219101034, guid: d7f68fd6553474d488907c2f63e4adec,
        type: 3}
      propertyPath: m_SizeDelta.y
      value: 286
      objectReference: {fileID: 0}
    - target: {fileID: 7417633678219101034, guid: d7f68fd6553474d488907c2f63e4adec,
        type: 3}
      propertyPath: m_AnchorMin.x
      value: 0
      objectReference: {fileID: 0}
    - target: {fileID: 7417633678219101034, guid: d7f68fd6553474d488907c2f63e4adec,
        type: 3}
      propertyPath: m_AnchorMin.y
      value: 0
      objectReference: {fileID: 0}
    - target: {fileID: 7417633678219101034, guid: d7f68fd6553474d488907c2f63e4adec,
        type: 3}
      propertyPath: m_AnchorMax.x
      value: 0
      objectReference: {fileID: 0}
    - target: {fileID: 7417633678219101034, guid: d7f68fd6553474d488907c2f63e4adec,
        type: 3}
      propertyPath: m_AnchorMax.y
      value: 0
      objectReference: {fileID: 0}
    - target: {fileID: 7417633678219101034, guid: d7f68fd6553474d488907c2f63e4adec,
        type: 3}
      propertyPath: m_Pivot.x
      value: 0.5
      objectReference: {fileID: 0}
    - target: {fileID: 7417633678219101034, guid: d7f68fd6553474d488907c2f63e4adec,
        type: 3}
      propertyPath: m_Pivot.y
      value: 0.5
      objectReference: {fileID: 0}
    - target: {fileID: 7417633677572257249, guid: d7f68fd6553474d488907c2f63e4adec,
        type: 3}
      propertyPath: m_SizeDelta.x
      value: 110
      objectReference: {fileID: 0}
    - target: {fileID: 7417633677572257249, guid: d7f68fd6553474d488907c2f63e4adec,
        type: 3}
      propertyPath: m_SizeDelta.y
      value: 60
      objectReference: {fileID: 0}
    - target: {fileID: 7417633677572257252, guid: d7f68fd6553474d488907c2f63e4adec,
        type: 3}
      propertyPath: m_Sprite
      value: 
      objectReference: {fileID: 21300000, guid: aa1f38b5f29789441820c1333e5b3119,
        type: 3}
    - target: {fileID: 7417633677572257252, guid: d7f68fd6553474d488907c2f63e4adec,
        type: 3}
      propertyPath: m_Type
      value: 0
      objectReference: {fileID: 0}
    m_RemovedComponents: []
  m_SourcePrefab: {fileID: 100100000, guid: d7f68fd6553474d488907c2f63e4adec, type: 3}
--- !u!224 &3329986958155849425 stripped
RectTransform:
  m_CorrespondingSourceObject: {fileID: 7417633678219101034, guid: d7f68fd6553474d488907c2f63e4adec,
    type: 3}
  m_PrefabInstance: {fileID: 5244098690052349371}
  m_PrefabAsset: {fileID: 0}
--- !u!1001 &5993974099817984003
PrefabInstance:
  m_ObjectHideFlags: 0
  serializedVersion: 2
  m_Modification:
    m_TransformParent: {fileID: 5993974100183885890}
    m_Modifications:
    - target: {fileID: 171526, guid: 60270cf52a5e94998a5a335989159738, type: 3}
      propertyPath: m_Name
      value: GvrReticlePointer
      objectReference: {fileID: 0}
    - target: {fileID: 482300, guid: 60270cf52a5e94998a5a335989159738, type: 3}
      propertyPath: m_LocalPosition.x
      value: 0
      objectReference: {fileID: 0}
    - target: {fileID: 482300, guid: 60270cf52a5e94998a5a335989159738, type: 3}
      propertyPath: m_LocalPosition.y
      value: 0
      objectReference: {fileID: 0}
    - target: {fileID: 482300, guid: 60270cf52a5e94998a5a335989159738, type: 3}
      propertyPath: m_LocalPosition.z
      value: 0
      objectReference: {fileID: 0}
    - target: {fileID: 482300, guid: 60270cf52a5e94998a5a335989159738, type: 3}
      propertyPath: m_LocalRotation.x
      value: 0
      objectReference: {fileID: 0}
    - target: {fileID: 482300, guid: 60270cf52a5e94998a5a335989159738, type: 3}
      propertyPath: m_LocalRotation.y
      value: 0
      objectReference: {fileID: 0}
    - target: {fileID: 482300, guid: 60270cf52a5e94998a5a335989159738, type: 3}
      propertyPath: m_LocalRotation.z
      value: 0
      objectReference: {fileID: 0}
    - target: {fileID: 482300, guid: 60270cf52a5e94998a5a335989159738, type: 3}
      propertyPath: m_LocalRotation.w
      value: 1
      objectReference: {fileID: 0}
    - target: {fileID: 482300, guid: 60270cf52a5e94998a5a335989159738, type: 3}
      propertyPath: m_RootOrder
      value: 0
      objectReference: {fileID: 0}
    - target: {fileID: 482300, guid: 60270cf52a5e94998a5a335989159738, type: 3}
      propertyPath: m_LocalEulerAnglesHint.x
      value: 0
      objectReference: {fileID: 0}
    - target: {fileID: 482300, guid: 60270cf52a5e94998a5a335989159738, type: 3}
      propertyPath: m_LocalEulerAnglesHint.y
      value: 0
      objectReference: {fileID: 0}
    - target: {fileID: 482300, guid: 60270cf52a5e94998a5a335989159738, type: 3}
      propertyPath: m_LocalEulerAnglesHint.z
      value: 0
      objectReference: {fileID: 0}
    m_RemovedComponents: []
  m_SourcePrefab: {fileID: 100100000, guid: 60270cf52a5e94998a5a335989159738, type: 3}
--- !u!4 &5993974099818163199 stripped
Transform:
  m_CorrespondingSourceObject: {fileID: 482300, guid: 60270cf52a5e94998a5a335989159738,
    type: 3}
  m_PrefabInstance: {fileID: 5993974099817984003}
  m_PrefabAsset: {fileID: 0}
